@misc{sirfig,
  Author = { {Steinruecken, Christian}, {Iwata, Tomoharu} },
  Institution = {Cambridge University},
  Howpublished = {University Lecture},
  url = {http://www.inference.phy.cam.ac.uk/tcs27/talks/sampling.html},
  Title = {Advanced Sampling}
}
