@misc{sirfig,
  Author = { {Steinruecken, Christian}, {Iwata, Tomoharu} },
  Institution = {Cambridge University},
  howpublished = { \url{http://www.inference.phy.cam.ac.uk/tcs27/talks/sampling.html} },
  Title = {Advanced Sampling}
}

@book{doucetsmc,
author = {{Doucet, Arnaud}, {de Freitas, Nando}, {Gordon, Neil}},
title = {Sequential Monte Carlo Methods in Practice},
howpublished = {\url{http://www.stats.ox.ac.uk/~doucet/doucet_defreitas_gordon_smcbookintro.pdf}},
year = {2001},
publisher = {Springer-Verlag New York}
}

@misc{doucetfiltering,
author = {{Doucet, Arnaud}, {Johansen, Adam}},
title = {A Tutorial on Particle Filtering and Smoothing: Fifteen years later},
howpublished = {\url{http://www.stats.ox.ac.uk/~doucet/doucet_johansen_tutorialPF2011.pdf}},
year = 2008
}

@misc{rochester,
author = {Orhan, Emin},
title = {Particle Filtering},
year = {2012},
howpublished = {\url{http://www.cns.nyu.edu/~eorhan/notes/particle-filtering.pdf}}
}
